@book{Sen1995v,
title = "Global Optimization Methods in Geophysical Inversion",
editor = "Mrinal Sen and Paul L. Stoffa",
publisher = "Elsevier",
year = "1995",
volume = "4",
pages = "v - vii",
series = "Advances in Exploration Geophysics ",
issn = "0921-9366",
doi = "http://dx.doi.org/10.1016/S0921-9366(06)80001-0",
url = "http://www.sciencedirect.com/science/article/pii/S0921936606800010",
author = "Mrinal K. Sen and Paul L. Stoffa"
}
@incollection{tagkey19951,
title = "Chapter 1 Preliminary statistics ",
editor = "Mrinal Sen and Paul L. Stoffa",
booktitle = "Global Optimization Methods in Geophysical Inversion",
publisher = "Elsevier",
year = "1995",
volume = "4",
pages = "1 - 26",
series = "Advances in Exploration Geophysics ",
issn = "0921-9366",
doi = "http://dx.doi.org/10.1016/S0921-9366(06)80002-2",
url = "http://www.sciencedirect.com/science/article/pii/S0921936606800022",
key = "tagkey19951"
}

@incollection{tagkey199527,
title = "Chapter 2 Direct, linear and iterative-linear inverse methods ",
editor = "Mrinal Sen and Paul L. Stoffa",
booktitle = "Global Optimization Methods in Geophysical Inversion",
publisher = "Elsevier",
year = "1995",
volume = "4",
pages = "27 - 66",
series = "Advances in Exploration Geophysics ",
issn = "0921-9366",
doi = "http://dx.doi.org/10.1016/S0921-9366(06)80003-4",
url = "http://www.sciencedirect.com/science/article/pii/S0921936606800034",
key = "tagkey199527"
}
@incollection{tagkey199567,
title = "Chapter 3 Monte carlo methods ",
editor = "Mrinal Sen and Paul L. Stoffa",
booktitle = "Global Optimization Methods in Geophysical Inversion",
publisher = "Elsevier",
year = "1995",
volume = "4",
pages = "67 - 77",
series = "Advances in Exploration Geophysics ",
issn = "0921-9366",
doi = "http://dx.doi.org/10.1016/S0921-9366(06)80004-6",
url = "http://www.sciencedirect.com/science/article/pii/S0921936606800046",
key = "tagkey199567"
}
@incollection{tagkey199579,
title = "Chapter 4 Simulated annealing methods ",
editor = "Mrinal Sen and Paul L. Stoffa",
booktitle = "Global Optimization Methods in Geophysical Inversion",
publisher = "Elsevier",
year = "1995",
volume = "4",
pages = "79 - 124",
series = "Advances in Exploration Geophysics ",
issn = "0921-9366",
doi = "http://dx.doi.org/10.1016/S0921-9366(06)80005-8",
url = "http://www.sciencedirect.com/science/article/pii/S0921936606800058",
key = "tagkey199579"
}
@incollection{tagkey1995125,
title = "Chapter 5 Genetic algorithms ",
editor = "Mrinal Sen and Paul L. Stoffa",
booktitle = "Global Optimization Methods in Geophysical Inversion",
publisher = "Elsevier",
year = "1995",
volume = "4",
pages = "125 - 158",
series = "Advances in Exploration Geophysics ",
issn = "0921-9366",
doi = "http://dx.doi.org/10.1016/S0921-9366(06)80006-X",
url = "http://www.sciencedirect.com/science/article/pii/S092193660680006X",
key = "tagkey1995125"
}
@incollection{tagkey1995159,
title = "Chapter 6 Geophysical applications of \{SA\} and \{GA\} ",
editor = "Mrinal Sen and Paul L. Stoffa",
booktitle = "Global Optimization Methods in Geophysical Inversion",
publisher = "Elsevier",
year = "1995",
volume = "4",
pages = "159 - 244",
series = "Advances in Exploration Geophysics ",
issn = "0921-9366",
doi = "http://dx.doi.org/10.1016/S0921-9366(06)80007-1",
url = "http://www.sciencedirect.com/science/article/pii/S0921936606800071",
key = "tagkey1995159"
}
@incollection{tagkey1995245,
title = "Chapter 7 Uncertainty estimation ",
editor = "Mrinal Sen and Paul L. Stoffa",
booktitle = "Global Optimization Methods in Geophysical Inversion",
publisher = "Elsevier",
year = "1995",
volume = "4",
pages = "245 - 268",
series = "Advances in Exploration Geophysics ",
issn = "0921-9366",
doi = "http://dx.doi.org/10.1016/S0921-9366(06)80008-3",
url = "http://www.sciencedirect.com/science/article/pii/S0921936606800083",
key = "tagkey1995245"
}
@incollection{tagkey1995269,
title = "References ",
editor = "Mrinal Sen and Paul L. Stoffa",
booktitle = "Global Optimization Methods in Geophysical Inversion",
publisher = "Elsevier",
year = "1995",
volume = "4",
pages = "269 - 277",
series = "Advances in Exploration Geophysics ",
issn = "0921-9366",
doi = "http://dx.doi.org/10.1016/S0921-9366(06)80009-5",
url = "http://www.sciencedirect.com/science/article/pii/S0921936606800095",
key = "tagkey1995269"
}
@incollection{tagkey1995279,
title = "Subject index ",
editor = "Mrinal Sen and Paul L. Stoffa",
booktitle = "Global Optimization Methods in Geophysical Inversion",
publisher = "Elsevier",
year = "1995",
volume = "4",
pages = "279 - 281",
series = "Advances in Exploration Geophysics ",
issn = "0921-9366",
doi = "http://dx.doi.org/10.1016/S0921-9366(06)80010-1",
url = "http://www.sciencedirect.com/science/article/pii/S0921936606800101",
key = "tagkey1995279"
}

