@article {Mariethoz_2010,
author = {Mariethoz, Gregoire and Renard, Philippe and Straubhaar, Julien},
title = {The Direct Sampling method to perform multiple-point geostatistical simulations},
journal = {Water Resources Research},
volume = {46},
number = {11},
issn = {1944-7973},
url = {http://dx.doi.org/10.1029/2008WR007621},
doi = {10.1029/2008WR007621},
pages = {n/a--n/a},
year = {2010},
note = {W11536},
}

@article {caers_1998,
author = {Caers, Jef and Journel,Andre},
title = {Stochastic Reservoir Simulation Using Neural Networks Trained on Outcrop Data},
journal = {SPE Annual Technical Conference and Exhibition},
year = {1998},
}

@article {Caers_2004,
author = {Caers, Jef and Zhang,Tuanfeng},
title = {Multiple-point Geostatistics: A Quantitative Vehicle for Integrating Geologic Analogs into Multiple Reservoir Models},
journal = {AAPG Memoir 80},
pages = {383--394},
year = {2004},
}

@article{Meerschman_13,
title = {A practical guide to performing multiple-point statistical simulations with the Direct Sampling algorithm},
journal = {Computers and Geosciences},
volume = {52},
pages = {307--324},
year = {2013},
issn = {0098-3004},
doi = {http://dx.doi.org/10.1016/j.cageo.2012.09.019},
url = {http://www.sciencedirect.com/science/article/pii/S0098300412003299},
author = {Eef Meerschman and Guillaume Pirot and Gregoire Mariethoz and Julien Straubhaar and Marc Van Meirvenne and Philippe Renard},
keywords = {Multiple-point statistics},
keywords = {Direct Sampling algorithm},
keywords = {Sensitivity analysis},
keywords = {Training image}
}

@BOOK{Guardiano1993,
author={Guardiano, Felipe B. and Srivastava, R. Mohan},
editor={Soares, Amilcar},
chapter={Multivariate Geostatistics: Beyond Bivariate Moments},
title={Geostatistics Tróia 92: Volume 1},
year={1993},
publisher={Springer Netherlands},
address={Dordrecht},
pages={133--144}
}

@phdthesis{Strebelle2002,
title = {Sequential simulation drawing structures from training images},
author = {Sebastien Strebelle},
url = {http://www-sul.stanford.edu/depts/branner/collections/theses.html},
year = {2002},
date = {2002-01-01},
school = {Stanford University},
keywords = {},
pubstate = {published},
tppubtype = {phdthesis}
}

@Article{Strebelle2002_B,
author={Strebelle, Sebastien},
title={Conditional Simulation of Complex Geological Structures Using Multiple-Point Statistics},
journal={Mathematical Geology},
year={2002},
volume={34},
number={1},
pages={1--21},
issn={1573-8868},
doi={10.1023/A:1014009426274},
}

@Article{Straubhaar2011,
author={Straubhaar, Julien
and Renard, Philippe
and Mariethoz, Gr{\'e}goire
and Froidevaux, Roland
and Besson, Olivier},
title={An Improved Parallel Multiple-point Algorithm Using a List Approach},
journal={Mathematical Geosciences},
year={2011},
volume={43},
number={3},
pages={305--328},
issn={1874-8953},
doi={10.1007/s11004-011-9328-7},
}

@BOOK{Mariethoz2014_A,
  title = {Multiple-Point Geostatistics Algorithms},
  author = {Mariethoz, Gregoire and Caers, Jef},
  publisher = {John Wiley \& Sons, Ltd},
  isbn = {9781118662953},
  url = {http://dx.doi.org/10.1002/9781118662953.ch9},
  doi = {10.1002/9781118662953.ch9},
  pages = {155--171},
  keywords = {multiple-point geostatistics (MPS) algorithms, pattern-based method, pixel-based algorithm, simulation methods},
  booktitle = {Multiple-Point Geostatistics},
  year = {2014},

}
@inbook {Mariethoz2014_B,
title = {Training Image Construction},
author = {Mariethoz, Gregoire and Caers, Jef},
publisher = {John Wiley \& Sons, Ltd},
isbn = {9781118662953},
pages = {221--238},
booktitle = {Multiple-Point Geostatistics},
year = {2014},
}


@ARTICLE{Eskandaridalvand201059,
author={Eskandaridalvand, K. and Srinivasan, S.},
title={Reservoir modelling of complex geological systems - A multiple-point perspective},
journal={Journal of Canadian Petroleum Technology},
year={2010},
volume={49},
number={8},
pages={59-68},
document_type={Article},
source={Scopus},
}
@article{Peredo20111110,
author = "Oscar Peredo and JuliÃ¡n M. Ortiz",
title = "Parallel implementation of simulated annealing to reproduce multiple-point statistics ",
journal = "Computers \& Geosciences ",
volume = "37",
number = "8",
pages = "1110 - 1121",
year = "2011",
issn = "0098-3004",
doi = "http://dx.doi.org/10.1016/j.cageo.2010.10.015",
url = "http://www.sciencedirect.com/science/article/pii/S0098300410003407"

}


@Book {Paasche16,
title = {Post-Inversion Integration of Disparate Tomographic Models by Model Structure Analyses},
author = {Paasche, Hendrik},
publisher = {John Wiley \& Sons, Inc},
isbn = {9781118929063},
doi = {10.1002/9781118929063.ch5},
pages = {69--91},
booktitle = {Integrated Imaging of the Earth},
year = {2016},
}

@Article{Kumar2016,
author="Kumar, Atul
and Mohd Khir, Haris Mohd
and Wan Yusoff, Ismail Wan",
title="A model-based approach for integration analysis of well log and seismic data for reservoir characterization",
journal="Geosciences Journal",
year="2016",
pages="1--20",
}


@BOOK{Kohonen2001,
  title = {Self-Organizing Maps},
  author = {Kohonen, Teuvo},
  publisher = {Springer},
  year = {2001},

}

@article {Bauer2008,
author = {Bauer, K. and Pratt, R. G. and Haberland, C. and Weber, M.},
title = {Neural network analysis of crosshole tomographic images: The seismic signature of gas hydrate bearing sediments in the Mackenzie Delta (NW Canada)},
journal = {Geophysical Research Letters},
volume = {35},
number = {19},
issn = {1944-8007},
url = {http://dx.doi.org/10.1029/2008GL035263},
doi = {10.1029/2008GL035263},
pages = {n/a--n/a},
year = {2008},

}

@article {Bauer2012,
author = {Bauer, K. and Muñoz, G. and Moeck, I.},
title = {Pattern recognition and lithological interpretation of collocated seismic and magnetotelluric models using self-organizing maps},
journal = {Geophysical Journal International},
volume = {189},
number = {2},
publisher = {Blackwell Publishing Ltd},
issn = {1365-246X},
doi = {10.1111/j.1365-246X.2012.05402.x},
pages = {984--998},
year = {2012},
}

@Inbook{Strebelle2005,
author="Strebelle, Sebastien
and Remy, Nicolas",
editor="Leuangthong, Oy
and Deutsch, Clayton V.",
chapter="Post-processing of Multiple-point Geostatistical Models to Improve Reproduction of Training Patterns",
title="Geostatistics Banff 2004",
year="2005",
publisher="Springer Netherlands",
address="Dordrecht",
pages="979--988",
isbn="978-1-4020-3610-1"


}

@book{deutsch2002,
  title={Geostatistical Reservoir Modeling},
  author={Deutsch, C.V.},
  isbn={9780195138061},
  lccn={2001016405},
  series={Applied geostatistics series},
  url={https://books.google.com.br/books?id=1WvxAAAAMAAJ},
  year={2002},
  publisher={Oxford University Press}
}

@Article{Wu2008,
author="Wu, Jianbing
and Zhang, Tuanfeng
and Journel, André",
title="Fast FILTERSIM Simulation with Score-based Distance",
journal="Mathematical Geosciences",
year="2008",
volume="40",
number="7",
pages="773--788",
issn="1874-8953"
}
@Article{Zhang2006,
author="Zhang, Tuanfeng
and Switzer, Paul
and Journel, Andre",
title="Filter-Based Classification of Training Image Patterns for Spatial Simulation",
journal="Mathematical Geology",
year="2006",
volume="38",
number="1",
pages="63--80"
}
@Article{Arpat2007,
author="Arpat, G. Burc
and Caers, Jef",
title="Conditional Simulation with Patterns",
journal="Mathematical Geology",
year="2007",
volume="39",
number="2",
pages="177--203",
issn="1573-8868"
}
@article{Ayoub2008,
title = "A patchwork approach to stochastic simulation: A route towards the analysis of morphology in multiphase systems ",
journal = "Chaos, Solitons \& Fractals ",
volume = "36",
number = "2",
pages = "418 - 436",
year = "2008",
note = "",
issn = "0960-0779",
doi = "http://dx.doi.org/10.1016/j.chaos.2006.06.100",
url = "http://www.sciencedirect.com/science/article/pii/S0960077906006680",
author = "Ayoub El Ouassini and Antoine Saucier and Denis Marcotte and Basil D. Favis"
}

@Article{Tahmasebi2012,
author="Tahmasebi, Pejman
and Hezarkhani, Ardeshir
and Sahimi, Muhammad",
title="Multiple-point geostatistical modeling based on the cross-correlation functions",
journal="Computational Geosciences",
year="2012",
volume="16",
number="3",
pages="779--797",
issn="1573-1499"
}

@inproceedings{Efros2001,
 author = {Efros, Alexei A. and Freeman, William T.},
 title = {Image Quilting for Texture Synthesis and Transfer},
 booktitle = {Proceedings of the 28th Annual Conference on Computer Graphics and Interactive Techniques},
 series = {SIGGRAPH '01},
 year = {2001},
 isbn = {1-58113-374-X},
 pages = {341--346},
 numpages = {6},
 url = {http://doi.acm.org/10.1145/383259.383296},
 doi = {10.1145/383259.383296},
 acmid = {383296},
 publisher = {ACM},
 address = {New York, NY, USA},
} 

@article{Rezaee2013293,
title = "Multiple-point geostatistical simulation using the bunch-pasting direct sampling method ",
journal = "Computers \& Geosciences ",
volume = "54",
number = "",
pages = "293 - 308",
year = "2013",
note = "",
issn = "0098-3004",
author = "Hassan Rezaee and Gregoire Mariethoz and Mohammad Koneshloo and Omid Asghari",
}

@Inbook{Peredo2012,
author="Peredo, Oscar
and Ortiz, Julián M.",
editor="Abrahamsen, Petter
and Hauge, Ragnar
and Kolbjørnsen, Odd",
chapter="Multiple-Point Geostatistical Simulation Based on Genetic Algorithms Implemented in a Shared-Memory Supercomputer",
title="Geostatistics Oslo 2012",
year="2012",
publisher="Springer Netherlands",
address="Dordrecht",
pages="103--114",
}

@inbook {journel1990,
title = {Fundamentals of Geostatistics in Five Lessons},
author = {Journel, Andre G.},
author = {Journel, Andre G.},
publisher = {American Geophysical Union},
pages = {40},
booktitle = {Fundamentals of Geostatistics in Five Lessons},
year = {1990},
}
@MANUAL{alves_2001,
    title = {Como fazer referências},
    author = {{ALVES, Maria Bernardete Martins; ARRUDA, Susana Margareth}},
    address = {Florianópolis: Universidade Federal de Santa Catarina, Biblioteca Universitária},
    year = {c2001},
    urlaccessdate = {11 jun. 2013},
    owner = {roberto},
    subtitle = {bibliográficas, eletrônicas e demais formas de documento},
    timestamp = {2013.06.10},
    url = {http://www.bu.ufsc.br/design/framerefer.php}
}

@MANUAL{abnt6024,
    title = {NBR 6024},
    author = {{ASSOCIAÇÃO BRASILEIRA DE NORMAS TÉCNICAS}},
    address = {Rio de Janeiro},
    year = {2012},
    subtitle = {informação e documentação: numeração progressiva das seções de um documento escrito: apresentação}
}

@MANUAL{abnt14724,
    title = {NBR 14724},
    author = {{ASSOCIAÇÃO BRASILEIRA DE NORMAS TÉCNICAS}},
    address = {Rio de Janeiro},
    year = {2011},
    pages = {11},
    subtitle = {informação e documentação: trabalhos acadêmicos: apresentação}
}

@MANUAL{abnt10520,
    title = {NBR 10520},
    author = {{ASSOCIAÇÃO BRASILEIRA DE NORMAS TÉCNICAS}},
    address = {Rio de Janeiro},
    year = {2002},
    pages = {7},
    subtitle = {informação e documentação: citações em documentos: apresentação}
}

@MANUAL{BU_formatoA5,
    title = {Trabalho acadêmico},
    subtitle = {guia fácil para diagramação: formato A5.},
    author = {{UNIVERSIDADE FEDERAL DE SANTA CATARINA. Biblioteca Universitária.}},
    address = {Florianópolis},
    year = {2009},
    comment = {Acesso em: 11 abr. 2013},
    owner = {roberto},
    timestamp = {2013.06.10},
    url = {http://www.bu.ufsc.br/design/GuiaRapido2012.pdf},
    urlaccessdate = {11 jun. 2013}
}
