% This is a sample BibTeX bibliography file,
%  showing articles, theses, proceedings, books
%  and collections being cited

@article{Bosch2010,
author = {Bosch, Miguel and Mukerji, Tapan and Gonzalez, Ezequiel F.}, 
title = {Seismic inversion for reservoir properties combining statistical rock physics and geostatistics: A review},
volume = {75}, 
number = {5}, 
pages = {75A165-75A176}, 
year = {2010}, 
doi = {10.1190/1.3478209}, 
URL = {http://geophysics.geoscienceworld.org/content/75/5/75A165.abstract}, 
eprint = {http://geophysics.geoscienceworld.org/content/75/5/75A165.full.pdf+html}, 
journal = {Geophysics} 
}

@ARTICLE{Figueiredo2014, 
author={Passos de Figueiredo, L. and Santos, M. and Roisenberg, M. and Schwedersky Neto, G. and Figueiredo, W.}, 
journal={Geoscience and Remote Sensing Letters, IEEE}, 
title={Bayesian Framework to Wavelet Estimation and Linearized Acoustic Inversion}, 
year={2014}, 
month={Dec}, 
volume={11}, 
number={12}, 
pages={2130-2134}, 
keywords={Bayes methods;Gaussian distribution;acoustic impedance;geophysical signal processing;geophysical techniques;inverse problems;linearisation techniques;maximum likelihood estimation;seismic waves;seismology;signal sampling;wavelet transforms;Bayesian framework;Gaussian assumption;Gibbs sampling algorithm;conditional distributions;deterministic constrained sparse-spike inversion;geophysical interpretation;likelihood distribution;linearized acoustic inversion;linearized forward model;maximum a posteriori impedance;noise level estimation;posterior distribution;poststack seismic data;seismic inversion method;seismic noise level;seismic wave measurement;sequential steps;stochastic quantities;subsurface acoustic impedance;wavelet estimation;Acoustics;Bayes methods;Covariance matrices;Data models;Estimation;Impedance;Stochastic processes;Acoustic inversion;Bayesian framework;maximum a posteriori (MAP);reservoir characterization;seismic inversion;wavelet estimation}, 
doi={10.1109/LGRS.2014.2321516}, 
ISSN={1545-598X},
}

@article {Meju2009,
author = {Meju, Max A.},
title = {Regularized extremal bounds analysis (REBA): An approach to quantifying uncertainty in nonlinear geophysical inverse problems},
journal = {Geophysical Research Letters},
volume = {36},
number = {3},
issn = {1944-8007},
url = {http://dx.doi.org/10.1029/2008GL036407},
doi = {10.1029/2008GL036407},
pages = {n/a--n/a},
keywords = {inverse theory, regularization, nonlinear uncertainty analysis},
year = {2009},
}


@BOOK{Menke84,
  AUTHOR =       {Menke W.},
  TITLE =        {Geophysical Data Analysis: Discrete Inverse Theory},
  PUBLISHER =    {Academy Press},
  YEAR =         {1984},
}

@article {Sambridge2002,
author = {Sambridge, Malcolm and Mosegaard, Klaus},
title = {MONTE CARLO METHODS IN GEOPHYSICAL INVERSE PROBLEMS},
journal = {Reviews of Geophysics},
volume = {40},
number = {3},
issn = {1944-9208},
url = {http://dx.doi.org/10.1029/2000RG000089},
doi = {10.1029/2000RG000089},
pages = {3-1--3-29},
keywords = {Monte Carlo nonlinear inversion numerical techniques},
year = {2002},
}


@article{Srivastava2009,
  author={R P Srivastava and M K Sen},
  title={Fractal-based stochastic inversion of poststack seismic data using very fast simulated annealing},
  journal={Journal of Geophysics and Engineering},
  volume={6},
  number={4},
  pages={412},
  url={http://stacks.iop.org/1742-2140/6/i=4/a=009},
  year={2009}
}

@BOOK{Tarantola:05,
  AUTHOR =       "Albert Tarantola",
  TITLE =        "Inverse Problem Theory, and Methods for Model Parameter Estimation",
  PUBLISHER =    "SIAM Press",
  pages=	 "1-2",
  YEAR =         "2005",
}

@article{Tompkins2011,
author = {Tompkins, Michael J. and Fernández Martínez, Juan L. and Alumbaugh, David L. and Mukerji, Tapan}, 
title = {Scalable uncertainty estimation for nonlinear inverse problems using parameter reduction, constraint mapping, and geometric sampling: Marine controlled-source electromagnetic examples},
volume = {76}, 
number = {4}, 
pages = {F263-F281}, 
year = {2011}, 
doi = {10.1190/1.3581355}, 
URL = {http://geophysics.geoscienceworld.org/content/76/4/F263.abstract}, 
eprint = {http://geophysics.geoscienceworld.org/content/76/4/F263.full.pdf+html}, 
journal = {Geophysics} 
}

@article{Tompkins2012,
author = {Tompkins, Michael J.}, 
title = {Efficient estimation of nonlinear posterior model covariances using maximally sparse cubature rules},
volume = {77}, 
number = {5}, 
pages = {ID1-ID8}, 
year = {2012}, 
doi = {10.1190/geo2011-0400.1}, 
abstract ={We estimated posterior model covariances by randomly perturbing data and start model vectors with samples drawn from prior probability distributions, solving the corresponding deterministic inversion for each sample, and integrating the resulting model vectors over all realizations. The computational burden of this method is the number of samples required for the integration because each sample involves a solution to a nonlinear inverse problem. For certain classes of smooth prior probability functions, we present a new approach to the model covariance estimation problem using grids based on maximally sparse cubature integration rules. The N+1 (degree-two) and 2N (degree-three) cubature rules exist to exactly integrate symmetric Gaussian distributions in N stochastic dimensions. These represent the two sparsest integration rules possible and thus provide the most efficient estimation method for model covariances using integration. In contrast to Monte-Carlo (MC) integration, which requires hundreds of random samples to estimate covariances and has ill-defined convergence, sparse-cubature (quadrature) rules have determined numbers of samples and definite convergence. The trade-off is that they also have limited degrees of accuracy. Using a simple 1D electromagnetic example with 67 stochastic variables, we demonstrated that this sparse integration is three to five times more efficient than MC methods in terms of numbers of required samples.}, 
URL = {http://geophysics.geoscienceworld.org/content/77/5/ID1.abstract}, 
eprint = {http://geophysics.geoscienceworld.org/content/77/5/ID1.full.pdf+html}, 
journal = {Geophysics} 
}

@article {Tompkins2013,
author = {Tompkins, Michael J. and Fernández Martínez, Juan Luis and Fernández Muñiz, Zulima},
title = {Comparison of sparse-grid geometric and random sampling methods in nonlinear inverse solution uncertainty estimation},
journal = {Geophysical Prospecting},
volume = {61},
number = {1},
publisher = {Blackwell Publishing Ltd},
issn = {1365-2478},
url = {http://dx.doi.org/10.1111/j.1365-2478.2012.01057.x},
doi = {10.1111/j.1365-2478.2012.01057.x},
pages = {28--41},
keywords = {Uncertainty, Sparse-grid, Stochastic},
year = {2013},
}

@article {Zhang07,
author = {Zhang, H. and Thurber, C. H.},
title = {Estimating the model resolution matrix for large seismic tomography problems based on Lanczos bidiagonalization with partial reorthogonalization},
journal = {Geophysical Journal International},
volume = {170},
number = {1},
publisher = {Blackwell Publishing Ltd},
issn = {1365-246X},
url = {http://dx.doi.org/10.1111/j.1365-246X.2007.03418.x},
doi = {10.1111/j.1365-246X.2007.03418.x},
pages = {337--345},
keywords = {earthquake location, inverse problem, seismic resolution, seismic velocities, tomography},
year = {2007},
}

@thesis{penz11,
      author = {PENZ, Cesar Alberto},
      title = {Procedimentos para prover confiabilidade ao uso de inteligência artificial em ensaios de desempenho de compressores herméticos de refrigeração},
      institution = {Universidade Federal de Santa Catarina},
      year = {2011},
      type = {{Ph.D. Thesis}}
     
    }