@BOOK{Guardiano1993,
author={Guardiano, Felipe B. and Srivastava, R. Mohan},
editor={Soares, Amilcar},
chapter={Multivariate Geostatistics: Beyond Bivariate Moments},
title={Geostatistics Tróia 92: Volume 1},
year={1993},
publisher={Springer Netherlands},
address={Dordrecht},
pages={133--144}
}

@INPROCEEDINGS{Krizhevsky2012,
    author = {Alex Krizhevsky and Ilya Sutskever and Geoffrey E. Hinton},
    title = {Imagenet classification with deep convolutional neural networks},
    booktitle = {Advances in Neural Information Processing Systems},
    pages = {2012}
}

@INPROCEEDINGS{LeCun98,
    author = {Y. LeCun and L. Bottou and Y. Bengio and  P. Haffner},
    title = {Gradient-based learning applied to document recognition.},
    booktitle = {Proceedings of the IEEE},
    pages = {28-2324},
    year={1998}
}

@Inbook{Peredo2012,
author="Peredo, Oscar
and Ortiz, Julián M.",
editor="Abrahamsen, Petter
and Hauge, Ragnar
and Kolbjørnsen, Odd",
chapter="Multiple-Point Geostatistical Simulation Based on Genetic Algorithms Implemented in a Shared-Memory Supercomputer",
title="Geostatistics Oslo 2012",
year="2012",
publisher="Springer Netherlands",
address="Dordrecht",
pages="103--114",
}

@Inbook{He2014,
author="He, Kaiming
and Zhang, Xiangyu
and Ren, Shaoqing
and Sun, Jian",
editor="Fleet, David
and Pajdla, Tomas
and Schiele, Bernt
and Tuytelaars, Tinne",
title="Spatial Pyramid Pooling in Deep Convolutional Networks for Visual Recognition",
bookTitle="Computer Vision -- ECCV 2014: 13th European Conference, Zurich, Switzerland, September 6-12, 2014, Proceedings, Part III",
year="2014",
publisher="Springer International Publishing",
address="Cham",
pages="346--361"
}

@BOOK{Mariethoz2014_A,
  title = {Multiple-Point Geostatistics Algorithms},
  author = {Mariethoz, Gregoire and Caers, Jef},
  publisher = {John Wiley \& Sons, Ltd},
  isbn = {9781118662953},
  url = {http://dx.doi.org/10.1002/9781118662953.ch9},
  doi = {10.1002/9781118662953.ch9},
  pages = {155--171},
  keywords = {multiple-point geostatistics (MPS) algorithms, pattern-based method, pixel-based algorithm, simulation methods},
  booktitle = {Multiple-Point Geostatistics},
  year = {2014},

}

@Inbook{Zhangg_2014,
author="Zhang, Ning
and Donahue, Jeff
and Girshick, Ross
and Darrell, Trevor",
editor="Fleet, David
and Pajdla, Tomas
and Schiele, Bernt
and Tuytelaars, Tinne",
title="Part-Based R-CNNs for Fine-Grained Category Detection",
bookTitle="Computer Vision -- ECCV 2014: 13th European Conference, Zurich, Switzerland, September 6-12, 2014, Proceedings, Part I",
year="2014",
publisher="Springer International Publishing",
address="Cham",
pages="834--849"
}

@incollection{NyiSun2014,
    Publisher = {Curran Associates, Inc.},
    Author = {Yi Sun and Yuheng Chen and Xiaogang Wang and Xiaoou Tang},
    Url = {http://papers.nips.cc/paper/5416-deep-learning-face-representation-by-joint-identification-verification.pdf},
    Booktitle = {Advances in Neural Information Processing Systems 27},
    Title = {Deep Learning Face Representation by Joint Identification-Verification},
    Editor = {Z. Ghahramani and M. Welling and C. Cortes and N.d. Lawrence and K.q. Weinberger},
    Year = {2014},
    Pages = {1988--1996}
   } 

@article{Peredo20111110,
  author = "Oscar Peredo and JuliÃ¡n M. Ortiz",
  title = "Parallel implementation of simulated annealing to reproduce multiple-point statistics ",
  journal = "Computers \& Geosciences ",
  volume = "37",
  number = "8",
  pages = "1110 - 1121",
  year = "2011",
  issn = "0098-3004",
  doi = "http://dx.doi.org/10.1016/j.cageo.2010.10.015",
  url = "http://www.sciencedirect.com/science/article/pii/S0098300410003407"
}

@Article{Strebelle2002_B,
author={Strebelle, Sebastien},
title={Conditional Simulation of Complex Geological Structures Using Multiple-Point Statistics},
journal={Mathematical Geology},
year={2002},
volume={34},
number={1},
pages={1--21},
issn={1573-8868},
doi={10.1023/A:1014009426274},
}

@article{Meerschman_13,
title = {A practical guide to performing multiple-point statistical simulations with the Direct Sampling algorithm},
journal = {Computers and Geosciences},
volume = {52},
pages = {307--324},
year = {2013},
issn = {0098-3004},
author = {Eef Meerschman and Guillaume Pirot and Gregoire Mariethoz and Julien Straubhaar and Marc Van Meirvenne and Philippe Renard},
}

@Article{Wu2008,
author="Wu, Jianbing
and Zhang, Tuanfeng
and Journel, André",
title="Fast FILTERSIM Simulation with Score-based Distance",
journal="Mathematical Geosciences",
year="2008",
volume="40",
number="7",
pages="773--788",
issn="1874-8953"
}

@article {caers_1998,
author = {Caers, Jef and Journel,Andre},
title = {Stochastic Reservoir Simulation Using Neural Networks Trained on Outcrop Data},
journal = {SPE Annual Technical Conference and Exhibition},
year = {1998},
}

@Article{Straubhaar2011,
author={Straubhaar, Julien
and Renard, Philippe
and Mariethoz, Gr{\'e}goire
and Froidevaux, Roland
and Besson, Olivier},
title={An Improved Parallel Multiple-point Algorithm Using a List Approach},
journal={Mathematical Geosciences},
year={2011},
volume={43},
number={3},
pages={305--328},
}

@article {Mariethoz_2010,
author = {Mariethoz, Gregoire and Renard, Philippe and Straubhaar, Julien},
title = {The Direct Sampling method to perform multiple-point geostatistical simulations},
journal = {Water Resources Research},
volume = {46},
number = {11},
issn = {1944-7973},
url = {http://dx.doi.org/10.1029/2008WR007621},
doi = {10.1029/2008WR007621},
pages = {n/a--n/a},s
year = {2010},
note = {W11536},
}

@Article{Zhang2006,
author="Zhang, Tuanfeng
and Switzer, Paul
and Journel, Andre",
title="Filter-Based Classification of Training Image Patterns for Spatial Simulation",
journal="Mathematical Geology",
year="2006",
volume="38",
number="1",
pages="63--80"
}