@ARTICLE{DongLoy2016,
author={C. Dong and C. C. Loy and K. He and X. Tang},
journal={IEEE Transactions on Pattern Analysis and Machine Intelligence},
title={Image Super-Resolution Using Deep Convolutional Networks},
year={2016},
volume={38},
number={2},
pages={295-307},
keywords={convolution;image resolution;image restoration;learning (artificial intelligence);neural nets;CNN;color channel;deep convolutional neural network;deep learning method;end-to-end mapping;image restoration;image super-resolution;low-resolution image;reconstruction quality;sparse-coding;Convolutional codes;Feature extraction;Image reconstruction;Image resolution;Neural networks;Training;Super-resolution;deep convolutional neural networks;sparse coding},
doi={10.1109/TPAMI.2015.2439281},
ISSN={0162-8828},
month={Feb},
}

@ARTICLE{HsiehAndrews1978,
author={Hsieh Hou and H. Andrews},
journal={IEEE Transactions on Acoustics, Speech, and Signal Processing},
title={Cubic splines for image interpolation and digital filtering},
year={1978},
volume={26},
number={6},
pages={508-517},
keywords={Application software;Digital filters;Filtering theory;Hardware;Image converters;Image sampling;Interpolation;Signal processing;Signal sampling;Spline},
doi={10.1109/TASSP.1978.1163154},
ISSN={0096-3518},
month={Dec},}
