@article{Buland01012003,
author = {Buland, Arild and Omre, Henning}, 
title = {Bayesian linearized AVO inversion},
volume = {68}, 
number = {1}, 
pages = {185-198}, 
year = {2003}, 
doi = {10.1190/1.1543206}, 
journal = {Geophysics} 
}
